<record><leader>00000cas a22000007a 4500</leader><controlfield tag="001">11697819</controlfield><controlfield tag="008">850215d19841990ctuwr ne      0   a0eng d</controlfield><datafield ind1=" " ind2=" " tag="010"><subfield code="a">sn 85000625 </subfield></datafield><datafield ind1=" " ind2=" " tag="040"><subfield code="a">NSD</subfield><subfield code="b">eng</subfield><subfield code="c">NSD</subfield><subfield code="d">CNW</subfield><subfield code="d">OCLCQ</subfield></datafield><datafield ind1=" " ind2=" " tag="012"><subfield code="m">1</subfield></datafield><datafield ind1="1" ind2=" " tag="022"><subfield code="a">8750-7226</subfield><subfield code="l">8750-7226</subfield><subfield code="2">1</subfield></datafield><datafield ind1=" " ind2=" " tag="032"><subfield code="a">734630</subfield><subfield code="b">USPS</subfield></datafield><datafield ind1=" " ind2=" " tag="037"><subfield code="b">The Home News, 218 Norwich-New London Turnpike, P.O. Bo 506, Uncasville, CT 06382</subfield></datafield><datafield ind1=" " ind2=" " tag="042"><subfield code="a">nsdp</subfield><subfield code="a">msc</subfield></datafield><datafield ind1="0" ind2=" " tag="130"><subfield code="a">Home news (Uncasville, Conn.)</subfield></datafield><datafield ind1=" " ind2="4" tag="222"><subfield code="a">The Home news</subfield><subfield code="b">(Uncasville, Conn.)</subfield></datafield><datafield ind1="1" ind2="4" tag="245"><subfield code="a">The home news.</subfield></datafield><datafield ind1=" " ind2=" " tag="260"><subfield code="a">Uncasville, CT :</subfield><subfield code="b">Shore Line Newspapers</subfield></datafield><datafield ind1=" " ind2=" " tag="310"><subfield code="a">Weekly</subfield></datafield><datafield ind1="1" ind2=" " tag="362"><subfield code="a">Began in 1984.</subfield></datafield><datafield ind1="0" ind2=" " tag="362"><subfield code="a">-v. 6, no. 47 (Feb. 21, 1990).</subfield></datafield><datafield ind1=" " ind2=" " tag="580"><subfield code="a">Published combined issue with: Compass (Mystic, Conn.), Jan. 3, 1990.</subfield></datafield><datafield ind1=" " ind2=" " tag="580"><subfield code="a">Absorbed in part by: Compass (Mystic, Conn.), and: Peddlar &amp; sentinel.</subfield></datafield><datafield ind1=" " ind2=" " tag="588"><subfield code="a">Description based on: Vol. 1, no. 34 (Nov. 24, 1984).</subfield></datafield><datafield ind1=" " ind2="4" tag="651"><subfield code="a">Uncasville (Conn.)</subfield><subfield code="v">Newspapers.</subfield></datafield><datafield ind1=" " ind2="4" tag="651"><subfield code="a">Montville (Conn.)</subfield><subfield code="v">Newspapers.</subfield></datafield><datafield ind1=" " ind2="4" tag="651"><subfield code="a">Ledyard (Conn.)</subfield><subfield code="v">Newspapers.</subfield></datafield><datafield ind1=" " ind2=" " tag="752"><subfield code="a">United States</subfield><subfield code="b">Connecticut</subfield><subfield code="c">New London</subfield><subfield code="d">Uncasville.</subfield></datafield><datafield ind1="1" ind2="5" tag="785"><subfield code="t">Compass (Mystic, Conn.)</subfield><subfield code="w">(DLC)sn 92051477</subfield><subfield code="w">(OCoLC)26794513</subfield></datafield><datafield ind1="1" ind2="5" tag="785"><subfield code="t">Peddler &amp; sentinel</subfield></datafield><datafield ind1=" " ind2=" " tag="936"><subfield code="a">Nov. 24, 1984</subfield></datafield><datafield ind1="1" ind2=" " tag="029"><subfield code="a">AU@</subfield><subfield code="b">000020351093</subfield></datafield></record>